<?xml version="1.0" encoding="UTF-8"?><record xmlns="http://www.loc.gov/MARC21/slim" xmlns:cinclude="http://apache.org/cocoon/include/1.0" xmlns:zs="http://www.loc.gov/zing/srw/">
  <leader>00446cz  a2200145n  4500</leader>
  <controlfield tag="001">no2006114930</controlfield>
  <controlfield tag="003">DLC</controlfield>
  <controlfield tag="005">20130323094246.0</controlfield>
  <controlfield tag="008">060905n| azannaabn          |n aaa     c</controlfield>
  <datafield tag="010" ind1=" " ind2=" ">
    <subfield code="a">no2006114930</subfield>
  </datafield>
  <datafield tag="035" ind1=" " ind2=" ">
    <subfield code="a">(OCoLC)oca07091688</subfield>
  </datafield>
  <datafield tag="040" ind1=" " ind2=" ">
    <subfield code="a">OBgU-MA</subfield>
    <subfield code="b">eng</subfield>
    <subfield code="e">rda</subfield>
    <subfield code="c">OBgU-MA</subfield>
    <subfield code="d">DLC</subfield>
  </datafield>
  <datafield tag="100" ind1="0" ind2=" ">
    <subfield code="a">QT</subfield>
    <subfield code="c">(Musician)</subfield>
  </datafield>
  <datafield tag="670" ind1=" " ind2=" ">
    <subfield code="a">QT. My baby mama [SR] 1996:</subfield>
    <subfield code="b">label (QT, rapper)</subfield>
  </datafield>
  <datafield tag="675" ind1=" " ind2=" ">
    <subfield code="a">All music guide WWW site;</subfield>
    <subfield code="a">Encyc. of rap and hip hop cult.;</subfield>
    <subfield code="a">Rap whoz who</subfield>
  </datafield>
</record>